%Buraya BibTex formatında citationlarınız ekleyebilirsiniz. 
%Örneğin:

@ARTICLE{CCFUAV,  
    author={Azari and M. Mahdi and Rosas and Fernando and Pollin and Sofie},  
    journal={IEEE Transactions on Wireless Communications},   
    title={Cellular Connectivity for UAVs: Network Modeling, Performance Analysis, and Design Guidelines},   
    year={2019},  
    volume={18},  
    number={7},  
    pages={3366-3381},  
    doi={10.1109/TWC.2019.2910112}
}

%BibTex dosyalarınızda author kısmını "and" kelimesi ile ayırmanız gerekmektedir. VİRGÜL KULLANMAYIN!
%main.tex de \cite{citekey} kullanarak citelayabilirsiniz. Örneğin yukarıdaki bibtex entrysi \cite{CCFUAV} şeklinde citelanır.

